
@inproceedings{Farhadi2010,
  title = "Every picture tells a story: generating sentences from images",
  booktitle = "Proceedings of the 11th European conference on Computer vision: Part {IV}",
  author = "Farhadi, Ali and Hejrati, Mohsen and Sadeghi, Mohammad Amin and Young, Peter and Rashtchian, Cyrus and Hockenmaier, Julia and Forsyth, David",
  pages = "15--29",
  year = "2010"
}

@article{Vinyals2017,
  title = "Show and Tell: Lessons Learned from the 2015 {MSCOCO} Image Captioning Challenge",
  author = "Vinyals, Oriol and Toshev, Alexander and Bengio, Samy and Erhan, Dumitru",
  journal = "IEEE Trans. Pattern Anal. Mach. Intell.",
  volume = "39",
  number = "4",
  pages = "652--663",
  year = "2017"
}

@article{Yin2023,
title = "A Survey on Multimodal Large Language Models",
author = "Yin, Shukang and Fu, Chaoyou and Zhao, Sirui and Li, Ke and Sun, Xing and Xu, Tong and Chen, Enhong",
year =  2023,
journal = "arXiv [cs.CV] 2306.13549"
}

@article{Xu2015,
title = "Show, Attend and Tell: Neural Image Caption Generation with Visual Attention",
author = "Xu, Kelvin and Ba, Jimmy and Kiros, Ryan and Cho, Kyunghyun and Courville, Aaron and Salakhudinov, Ruslan and Zemel, Rich and Bengio, Yoshua",
volume =  37,
pages = "2048--2057",
journal = "Proceedings of Machine Learning Research",
year =  2015
}

@inproceedings{Devlin2019,
title = "{{BERT}}: Pre-training of Deep Bidirectional Transformers for Language Understanding",
booktitle = "Proceedings of the 2019 Conference of the North {A}merican Chapter of the Association for Computational Linguistics: Human Language Technologies",
author = "Devlin, Jacob and Chang, Ming-Wei and Lee, Kenton and Toutanova, Kristina",
pages = "4171--4186",
year =  2019
}


@article{Gan2022,
title = "{Vision-Language} Pre-training: Basics, Recent Advances, and Future Trends",
author = "Gan, Zhe and Li, Linjie and Li, Chunyuan and Wang, Lijuan and Liu, Zicheng and Gao, Jianfeng",
journal = "arXiv [cs.CV] 2210.09263",
year =  2022
}

@article{Bubeck2023,
title = "Sparks of Artificial General Intelligence: Early experiments with {GPT-4}",
author = "Bubeck, S{\'e}bastien and Chandrasekaran, Varun and Eldan, Ronen and Gehrke, Johannes and Horvitz, Eric and Kamar, Ece and Lee, Peter and Lee, Yin Tat and Li, Yuanzhi and Lundberg, Scott and Nori, Harsha and Palangi, Hamid and Ribeiro, Marco Tulio and Zhang, Yi",
year =  2023,
journal = "arXiv [cs.CL] 2303.12712"
}

@article{Radford2021,
title = "Learning Transferable Visual Models From Natural Language Supervision",
author = "Radford, Alec and Kim, Jong Wook and Hallacy, Chris and Ramesh, Aditya and Goh, Gabriel and Agarwal, Sandhini and Sastry, Girish and Askell, Amanda and Mishkin, Pamela and Clark, Jack and Krueger, Gretchen and Sutskever, Ilya",
volume =  139,
pages = "8748--8763",
journal = "Proceedings of Machine Learning Research",
year =  2021
}

@inproceedings{Dai2023,
title = "Plausible May Not Be Faithful: Probing Object Hallucination in {Vision-Language} Pre-training",
booktitle = "Proceedings of the 17th Conference of the European Chapter of the Association for Computational Linguistics",
author = "Dai, Wenliang and Liu, Zihan and Ji, Ziwei and Su, Dan and Fung, Pascale",
pages = "2136--2148",
year =  2023
}

@inproceedings{Song2022,
title = "{CLIP} Models are {Few-Shot} Learners: Empirical Studies on {VQA} and Visual Entailment",
booktitle = "Proceedings of the 60th Annual Meeting of the Association for Computational Linguistics (Volume 1: Long Papers)",
author = "Song, Haoyu and Dong, Li and Zhang, Weinan and Liu, Ting and Wei, Furu",
pages = "6088--6100",
year =  2022
}

@article{Li2023,
title = "{BLIP-2}: Bootstrapping {Language-Image} Pre-training with Frozen Image Encoders and Large Language Models",
author = "Li, Junnan and Li, Dongxu and Savarese, Silvio and Hoi, Steven",
year =  2023,
archivePrefix = "arXiv [cs.CV] 2301.12597"
}

@inproceedings{Williams2015,
  title     = "Going beyond literal command-based instructions: extending
               robotic natural language interaction capabilities",
  booktitle = "Proceedings of the {Twenty-Ninth} {AAAI} Conference on
               Artificial Intelligence",
  author    = "Williams, Tom and Briggs, Gordon and Oosterveld, Bradley and Scheutz, Matthias",
  pages     = "1387--1393",
  year      =  2015
}

@inproceedings{Fried2017,
  title={Unified Pragmatic Models for Generating and Following Instructions},
  author={Daniel Fried and Jacob Andreas and Dan Klein},
  booktitle={North American Chapter of the Association for Computational Linguistics},
  pages="1951--1963",
  year={2017}
}

@inproceedings{Fried2023,
    title = "Pragmatics in Language Grounding: Phenomena, Tasks, and Modeling Approaches",
    author = "Fried, Daniel  and
      Tomlin, Nicholas  and
      Hu, Jennifer  and
      Patel, Roma  and
      Nematzadeh, Aida",
    booktitle = "Findings of the Association for Computational Linguistics: EMNLP 2023",
    year = "2023",
    pages = "12619--12640"
}

@inproceedings{Andreas2016,
title = "Reasoning about Pragmatics with Neural Listeners and Speakers",
booktitle = "Proceedings of the 2016 Conference on Empirical Methods in Natural Language Processing",
author = "Andreas, Jacob and Klein, Dan",
pages = "1173--1182",
year =  2016
}


@article{Vedantam2017,
title = "Context-aware Captions from Context-agnostic Supervision",
author = "Vedantam, Ramakrishna and Bengio, Samy and Murphy, Kevin and Parikh, Devi and Chechik, Gal",
year =  2017,
archivePrefix = "arXiv [cs.CV] 1701.02870"
}

@inproceedings{Cohn-Gordon2018,
title = "Pragmatically Informative Image Captioning with {Character-Level} Inference",
booktitle = "Proceedings of the 2018 Conference of the North {A}merican Chapter of the Association for Computational Linguistics: Human Language Technologies",
author = "Cohn-Gordon, Reuben and Goodman, Noah and Potts, Christopher",
pages = "439--443",
year =  2018
}

@inproceedings{Nie2020,
title = "Pragmatic {Issue-Sensitive} Image Captioning",
booktitle = "Findings of the Association for Computational Linguistics: {EMNLP} 2020",
author = "Nie, Allen and Cohn-Gordon, Reuben and Potts, Christopher",
pages = "1924--1938",
year =  2020
}

@article{Frank2012,
title = "Predicting pragmatic reasoning in language games",
author = "Frank, Michael C and Goodman, Noah D",
journal = "Science",
volume =  336,
number =  6084,
pages = "998",
year =  2012
}

@article{Goodman2016,
title = "Pragmatic Language Interpretation as Probabilistic Inference",
author = "Goodman, Noah D and Frank, Michael C",
journal = "Trends Cogn. Sci.",
volume =  20,
number =  11,
pages = "818--829",
year =  2016
}
